<?xml version="1.0" encoding="UTF-8"?><collection xmlns="http://www.loc.gov/MARC21/slim"><record><leader>00357nam--2200121-i-4500</leader><controlfield tag="001">000035013</controlfield><controlfield tag="002">20161230</controlfield><controlfield tag="005">20161230201040</controlfield><controlfield tag="008">060222s1000------------r-----000-0-eng-d</controlfield><datafield ind1=" " ind2=" " tag="100"><subfield code="a">Nielsen, Vibeke</subfield></datafield><datafield ind1=" " ind2=" " tag="245"><subfield code="a">Lindhard, j., scharff, m</subfield></datafield><datafield ind1=" " ind2=" " tag="260"><subfield code="a">Approximation Method In Classical Scattering By Screened Coulomb Fields</subfield></datafield><datafield ind1=" " ind2=" " tag="490"><subfield code="a">Matematisk-fysiske Meddelelser</subfield></datafield></record></collection>